<record><leader>00000cas a22000007a 4500</leader><controlfield tag="001">10688505</controlfield><controlfield tag="008">840503d187u187uctudn ne      0    0eng d</controlfield><datafield ind1=" " ind2=" " tag="010"><subfield code="a">sn 84023004 </subfield></datafield><datafield ind1=" " ind2=" " tag="040"><subfield code="a">NPX</subfield><subfield code="b">eng</subfield><subfield code="c">NPX</subfield><subfield code="d">NPU</subfield><subfield code="d">CNW</subfield><subfield code="d">OCLCQ</subfield><subfield code="d">OCLCF</subfield><subfield code="d">OCLCO</subfield></datafield><datafield ind1="1" ind2=" " tag="029"><subfield code="a">AU@</subfield><subfield code="b">000024693480</subfield></datafield><datafield ind1=" " ind2=" " tag="042"><subfield code="a">msc</subfield></datafield><datafield ind1=" " ind2=" " tag="043"><subfield code="a">n-us-ct</subfield></datafield><datafield ind1="0" ind2="4" tag="245"><subfield code="a">The Elm City morning press.</subfield></datafield><datafield ind1="1" ind2="3" tag="246"><subfield code="a">Elm City press</subfield></datafield><datafield ind1=" " ind2=" " tag="260"><subfield code="a">New Haven, Conn. :</subfield><subfield code="b">[s.n.]</subfield></datafield><datafield ind1=" " ind2=" " tag="300"><subfield code="a">v. :</subfield><subfield code="b">ill. ;</subfield><subfield code="c">62 cm.</subfield></datafield><datafield ind1=" " ind2=" " tag="310"><subfield code="a">Daily (except Sun.)</subfield></datafield><datafield ind1=" " ind2=" " tag="500"><subfield code="a">Editors: R.M. Clark, M.C. Easterbrook, &lt;1873&gt;; Noyes &amp; Co., &lt;1873&gt;; B. Noyes, &lt;1874&gt;.</subfield></datafield><datafield ind1=" " ind2=" " tag="500"><subfield code="a">Issue for &lt;Aug. 13, 1873&gt; published by E.J. Edwards.</subfield></datafield><datafield ind1=" " ind2=" " tag="500"><subfield code="a">Publisher's name recorded in Rowell, 1873: Noyes &amp; Co.</subfield></datafield><datafield ind1=" " ind2=" " tag="500"><subfield code="a">Publisher: Benjamin Noyes, &lt;1874&gt;.</subfield></datafield><datafield ind1=" " ind2=" " tag="580"><subfield code="a">Weekly ed.: Democratic lever, 187 -1873, and: Weekly press (New Haven, Conn.), 1873-187.</subfield></datafield><datafield ind1=" " ind2=" " tag="588"><subfield code="a">Description based on: Vol. 2, no. 167 (July 17, 1873).</subfield></datafield><datafield ind1=" " ind2="0" tag="651"><subfield code="a">New Haven (Conn.)</subfield><subfield code="v">Newspapers.</subfield></datafield><datafield ind1=" " ind2="7" tag="655"><subfield code="a">Newspapers.</subfield><subfield code="2">fast</subfield><subfield code="0">(OCoLC)fst01423814</subfield></datafield><datafield ind1=" " ind2="7" tag="651"><subfield code="a">Connecticut</subfield><subfield code="z">New Haven.</subfield><subfield code="2">fast</subfield><subfield code="0">(OCoLC)fst01206280</subfield></datafield><datafield ind1="1" ind2=" " tag="700"><subfield code="a">Clark, Richard M.</subfield></datafield><datafield ind1="1" ind2=" " tag="700"><subfield code="a">Easterbrook, Mason C.</subfield></datafield><datafield ind1="1" ind2=" " tag="700"><subfield code="a">Noyes, Benjamin.</subfield></datafield><datafield ind1=" " ind2=" " tag="752"><subfield code="a">United States</subfield><subfield code="b">Connecticut</subfield><subfield code="c">New Haven</subfield><subfield code="d">New Haven.</subfield></datafield><datafield ind1="1" ind2=" " tag="775"><subfield code="t">Democratic lever</subfield><subfield code="w">(DLC)sn 84027765</subfield><subfield code="w">(OCoLC)11526176</subfield></datafield><datafield ind1="1" ind2=" " tag="775"><subfield code="t">Weekly press (New Haven, Conn.)</subfield><subfield code="w">(DLC)sn 93051549</subfield><subfield code="w">(OCoLC)27004785</subfield></datafield><datafield ind1="0" ind2="0" tag="780"><subfield code="t">Elm City press</subfield><subfield code="w">(DLC)sn 94053267</subfield><subfield code="w">(OCoLC)31164165</subfield></datafield><datafield ind1="0" ind2="0" tag="785"><subfield code="t">New Haven daily press</subfield><subfield code="w">(DLC)sn 94053268</subfield><subfield code="w">(OCoLC)31164282</subfield></datafield></record>